@article{article,
  author = {Jackowski, Zachary},
  year   = {2011},
  month  = {12},
  pages  = {},
  title  = {Design, construction, and experiments with a compass gait walking robot}
}

@article{Falck2021,
  doi       = {10.21105/joss.02809},
  url       = {https://doi.org/10.21105/joss.02809},
  year      = {2021},
  publisher = {The Open Journal},
  volume    = {6},
  number    = {59},
  pages     = {2809},
  author    = {Robert Falck and Justin S. Gray and Kaushik Ponnapalli and Ted Wright},
  title     = {dymos: A Python package for optimal control of multidisciplinary systems},
  journal   = {Journal of Open Source Software}
}

@inproceedings{Goswami,
  series     = {ROBOT-96},
  title      = {Limit cycles and their stability in a passive bipedal gait},
  url        = {http://dx.doi.org/10.1109/ROBOT.1996.503785},
  doi        = {10.1109/robot.1996.503785},
  booktitle  = {Proceedings of IEEE International Conference on Robotics and Automation},
  publisher  = {IEEE},
  author     = {Goswami,  A. and Espiau,  B. and Keramane,  A.},
  collection = {ROBOT-96}
}

@techreport{goswami:inria-00073701,
  title       = {{Compass-Like Biped Robot Part I : Stability and Bifurcation of Passive Gaits}},
  author      = {Goswami, Ambarish and Thuilot, Beno{\^i}t and Espiau, Bernard},
  url         = {https://inria.hal.science/inria-00073701},
  type        = {Research Report},
  number      = {RR-2996},
  institution = {{INRIA}},
  year        = {1996},
  keywords    = {CHAOTIC BEHAVIOR ; BIPED ROBOT ; COMPASS GAIT ; PASSIVE GAIT ; PHASE PLANE DIAGRAM ; ORBITAL STABILITY ; POINCARE MAPPING ; BIFURCATION},
  pdf         = {https://inria.hal.science/inria-00073701/file/RR-2996.pdf},
  hal_id      = {inria-00073701},
  hal_version = {v1}
}

@inproceedings{Kamath2009,
  title     = {Impact dynamics based control of compass gait biped},
  url       = {http://dx.doi.org/10.1109/ACC.2009.5160731},
  doi       = {10.1109/acc.2009.5160731},
  booktitle = {2009 American Control Conference},
  publisher = {IEEE},
  author    = {Kamath,  A. K. and Singh,  N. M.},
  year      = {2009}
}

@inproceedings{Spong,
  series     = {IROS-03},
  title      = {Further results on control of the compass gait biped},
  url        = {http://dx.doi.org/10.1109/IROS.2003.1248927},
  doi        = {10.1109/iros.2003.1248927},
  booktitle  = {Proceedings 2003 IEEE/RSJ International Conference on Intelligent Robots and Systems (IROS 2003) (Cat. No.03CH37453)},
  publisher  = {IEEE},
  author     = {Spong,  M.W. and Bhatia,  G.},
  collection = {IROS-03}
}


